<?xml version="1.0" encoding="UTF-8"?><record xmlns="http://www.loc.gov/MARC21/slim" xmlns:cinclude="http://apache.org/cocoon/include/1.0" xmlns:zs="http://www.loc.gov/zing/srw/">
  <leader>00413nz  a2200121n  4500</leader>
  <controlfield tag="001">n  90712711 </controlfield>
  <controlfield tag="003">DLC</controlfield>
  <controlfield tag="005">19901107140817.2</controlfield>
  <controlfield tag="008">901107n| acannaab|          |n aaa |||  </controlfield>
  <datafield tag="010" ind1=" " ind2=" ">
    <subfield code="a">n  90712711 </subfield>
  </datafield>
  <datafield tag="040" ind1=" " ind2=" ">
    <subfield code="a">DLC</subfield>
    <subfield code="c">DLC</subfield>
  </datafield>
  <datafield tag="100" ind1="1" ind2="0">
    <subfield code="a">Masterton, David</subfield>
  </datafield>
  <datafield tag="670" ind1=" " ind2=" ">
    <subfield code="a">His Get out of my face, 1991:</subfield>
    <subfield code="b">CIP t.p. (David Masterton) galley (born in Chicago, Ill., attended Rutgers Univ. and St. Louis Univ., lives in Cherry Hill, N.J.)</subfield>
  </datafield>
</record>